@article{deMello05,
	author = {{de Mello}, E.~V.~L. and {Teixeira da Silveira Filho}, O.},
	title = "{Numerical study of the Cahn-Hilliard equation in one, two and three dimensions}",
	journal = {Physica A},
	year = 2005,
	month = mar,
	volume = 347,
	pages = {429-443},
	doi = {10.1016/j.physa.2004.08.076}
}

@book {evans98:pwn,
	author = {Lawrence C. Evans},
	title = {Równania ró¿niczkowe cz±stowe},
	publisher = {Wydawnictwo Naukowe PWN},
	year = 2004
}

@book {evans98:ams,
	author = {Lawrence C. Evans},
	title = {Partial Differential Equations},
	publisher = {American Mathematical Society},
	year = 1998
}

@article{furihata01,
	author = {Daisuke Furihata},
	title = "{A stable and conservative finite difference scheme for the Cahn-Hilliard equation}",
	journal = {Numerische Mathematik},
	year = 2001,
	volume = 87,
	issue = 4,
	pages = {675-699}
}

@article{bertozziXX,
	author = {Andrea Bertozzi and Selim Esedoglu and Alan Gillette},
	title = "{Inpainting of Binary Images Using the Cahn-Hilliard Equation}",
	note = {Submitted to IEEE Transactions in Image Processing},
}

@article{guillot04,
	author = {Simon Villain-Guillot},
	title = "{Coalescence in the 1D Cahn-Hilliard model}",
	journal = {Journal of Physics A},
	volume = 37,
	year = 2004,
	pages = {6929-6941}
}

@article{guillot02,
	author = {S. Villain-Guilot and C. Josserand},
	title = {Non-linear dynamics of spinodal decomposition},
	journal = {The European Physical Journal B},
	volume = 29,
	year = 2002,
	pages = {305-309}
}

@article{bloemker01,
	author = {Dirk Bl{\"o}mker and Stanislaus Maier-Paape and Thomas Wanner},
	title = "{Spinodal Decomposition for the Cahn-Hilliard-Cook Equation}",
	journal = {Communications in Mathematical Physics},
	volume = 223,
	year = 2001,
	pages = {553-582}
}

@article{bates00,
	author = {Peter W. Bates},
	title = "{Equilibria with Many Nuclei for the Cahn-Hilliard Equation}",
	journal = {Journal of Differential Equations},
	volume = 160,
	year = 2000,
	pages = {283-356}
}

@article{vollmayr03,
	author = {Benjamin P Vollmayr-Lee and Andrew D Rutenberg},
	title = {Fast and Accurate Coarsening Simulation with an Unconditionally Stable Time Step},
	journal = {Physical Review E},
	volume = {68},
	pages = {066703},
	doi = {10.1103/PhysRevE.68.066703},
	year = {2003}
}

@misc{eyre98,
	author = "David J. Eyre",
	title = "An Unconditionally Stable One-Step Scheme for Gradient Systems",
	note = "Unpublished paper, June 9, 1998",
	url = "http://www.math.utah.edu/~eyre/research/methods/stable.ps"
}

@article{wei98,
	author = {Juncheng Wei and Matthias Winter},
	title = "{Stationary solutions for the Cahn-Hilliard equation}",
	journal = {Annales de l'Institut Henri Poincar{\'e}},
	volume = 15,
	year = 1998,
	pages = {459-492}
}

@article{sial03,
	author = {S. Sial and J. Neuberger and T. Lookman and A. Saxena},
	title = "{Energy minimization using Sobolev gradients: application to phase separation and ordering}",
	journal = {J. Comput. Phys.},
	volume = {189},
	number = {1},
	year = {2003},
	issn = {0021-9991},
	pages = {88--97},
	doi = {http://dx.doi.org/10.1016/S0021-9991(03)00202-X},
	publisher = {Academic Press Professional, Inc.},
	address = {San Diego, CA, USA},
}

@article{rogers88,
	author = {T. M. Rogers and K. R. Elder and R. C. Desai},
	title = "{Numerical study of the late stages of spinodal decomposition}",
	journal = {Physical Review B},
	volume = 37,
	year = 1988,
	pages={9638-9651}
}

@book{nr,
	author = "William H. Press and Brian P. Flannery
	and Saul A. Teukolsky and William T. Vetterling",
	title = "Numerical Recipes: The Art of Scientific Computing",
	edition = "2nd",
	publisher = "Cambridge University Press",
	year = 1992,
	isbn = "0-521-43064-X"
}

@book{cazenave,
	author = "Thierry Cazenave and Alain Haraux",
	title = "An Introduction to Semilinear Evolution Equations",
	series = "Oxford Lecture Series in Mathematics and its Applications",
	publisher = "Oxford University Press",
	year = 1998
}

@article{grant93,
	author = "Christopher P. Grant",
	title = "{Spinodal decomposition for the Cahn-Hilliard equation}",
	journal = "Commun. in Partial Differential Equations",
	volume = 18,
	year = 1993,
	pages = {453-490}
}

@article{fife00,
	author = "Paul C. Fife",
	title = "{Models for phase separation and their mathematics}",
	journal = {Electronic Journal of Differential Equations},
	volume = 48,
	year = 2000,
	pages = {1-26}
}

